<?xml version="1.0" encoding="UTF-8"?><collection xmlns="http://www.loc.gov/MARC21/slim"><record><leader>00470nam--2200157-i-4500</leader><controlfield tag="001">000008668</controlfield><controlfield tag="002">20161230</controlfield><controlfield tag="005">20170122233712</controlfield><controlfield tag="008">060222s1000------------r-----000-0-eng-d</controlfield><datafield ind1=" " ind2=" " tag="100"><subfield code="a">Coste, Andre</subfield></datafield><datafield ind1=" " ind2=" " tag="245"><subfield code="a">Spectrophotometrie dans l infrarouge lointain: procedes optiques et hertziens</subfield></datafield><datafield ind1=" " ind2=" " tag="260"><subfield code="a">Saclay</subfield><subfield code="b">Service Central De Documentation Du C.E.A</subfield><subfield code="c">1968</subfield></datafield><datafield ind1=" " ind2=" " tag="300"><subfield code="a">188 p</subfield></datafield><datafield ind1=" " ind2=" " tag="490"><subfield code="a">Bibliographie Cea-bib-126</subfield></datafield><datafield ind1=" " ind2=" " tag="852"><subfield code="a">535.243</subfield></datafield><datafield ind1=" " ind2=" " tag="CAT"><subfield code="a">SYS</subfield><subfield code="c">20170122</subfield><subfield code="h">233712</subfield></datafield></record></collection>